@BOOK{,
author={John L. Hennessy I. and David A. Patterson}, 
title={Computer Architecture: a Quantitative Approach (Fifth Edition)}, 
year={2012}
}
